@inproceedings{ANTLR,
author = {Terrence Parr},
title = {ANTLR},
booktitle = {Konferencija iz matematike i ra{\v c}unarstva},
year = {2015},
editor = {Miloje Milojevi{\'c}},
language = {serbian},
hyphenation = {serbian}
}

@article{GuSh:243,
author = {Gurevich, Yuri and Shelah, Saharon},
ams-subject = {(05C80)},
fromwhere = {1,IL},
journal = {SIAM Journal on Computing},
review = {MR 88i:05162},
pages = {486--502},
title = {{Expected computation time for Hamiltonian path problem}},
volume = {16},
year = {1987},
language = {english},
hyphenation = {english}
}

@book{ANTLRReference,
 author = {Terrence Parr},
 title = {The Definitive ANTLR 4 Reference},
 year = {2012},
 url = {http://lms.ui.ac.ir/public/group/90/59/01/15738_ce57.pdf}
}

@online{ANTLR4,
	key={ANTLR4},
	title={{ANTLR4}},
	howpublished = "\url{https://www.antlr.org/}",
	url = {https://www.antlr.org/}
}
